@book{russell_norvig_chang_2022,
  place     = {Harlow},
  title     = {Artificial intelligence a modern approach},
  publisher = {Pearson Education Limited},
  author    = {Russell, Stuart J. and Norvig, Peter and Chang, Ming-wei},
  year      = {2021}
}

@misc{socket_io,
  author = {Socket.IO's devs},
  title  = {Socket.IO documentation},
  url    = {https://socket.io/docs/v4},
  year   = {2021}
}

@misc{nodejs,
  author = {Node.js's team},
  title  = {Node.js v16.6.1 documentation},
  url    = {https://nodejs.org/api/},
  year   = {2021}
}

@misc{p5js,
  author = {Qianqian, Ye and Masso, Evelyn},
  title  = {p5.js Reference},
  url    = {https://p5js.org/reference/},
  year   = {2021}
}

@misc{haiech_2020,
  title     = {Parcourir l'histoire de l'intelligence artificielle, pour mieux la définir et la comprendre},
  url       = {https://www.medecinesciences.org/en/articles/medsci/full_html/2020/08/msc200112/msc200112.html},
  journal   = {médecine/sciences},
  publisher = {EDP Sciences},
  author    = {Haiech, Jacques},
  year      = {2020},
  month     = {10}
}